<?xml version="1.0" encoding="UTF-8"?>
<record>
  <leader>00357nam a2200145 c 4500</leader>
  <controlfield tag="005">20260105083443.0</controlfield>
  <controlfield tag="007">ta</controlfield>
  <controlfield tag="008">||||||suuuuuuuu|||||| | |||||||||||eng||</controlfield>
  <controlfield tag="001">991055860637006476</controlfield>
  <datafield tag="245" ind1="0" ind2="0">
    <subfield code="a">Vogue</subfield>
    <subfield code="n">2019. Jan.</subfield>
    <subfield code="p">Arabia</subfield>
  </datafield>
  <datafield tag="264" ind1=" " ind2="1">
    <subfield code="a">[Dubai]</subfield>
    <subfield code="b">[Condé Nast]</subfield>
    <subfield code="c">2019</subfield>
  </datafield>
  <datafield tag="773" ind1="0" ind2="8">
    <subfield code="q">2019</subfield>
  </datafield>
  <datafield tag="773" ind1="1" ind2=" ">
    <subfield code="w">991055860637106476</subfield>
  </datafield>
  <datafield tag="980" ind1="1" ind2=" ">
    <subfield code="e">USB</subfield>
    <subfield code="9">local</subfield>
  </datafield>
  <datafield tag="980" ind1="1" ind2=" ">
    <subfield code="h">KMBEIG_77</subfield>
    <subfield code="9">local</subfield>
  </datafield>
  <datafield tag="MBD" ind1=" " ind2=" ">
    <subfield code="M">49HBZ_UBK</subfield>
    <subfield code="i">991055860637006476</subfield>
    <subfield code="n">Universität Köln</subfield>
  </datafield>
  <datafield tag="MNG" ind1=" " ind2=" ">
    <subfield code="c">KN3Praktikant</subfield>
    <subfield code="f">49HBZ_UBK</subfield>
    <subfield code="i">marc21</subfield>
    <subfield code="l">35</subfield>
    <subfield code="k">01</subfield>
    <subfield code="e">false</subfield>
    <subfield code="d">2026-01-05 08:34:48 Europe/Berlin</subfield>
    <subfield code="g">991055846223906476</subfield>
    <subfield code="j">50</subfield>
    <subfield code="a">KN3Praktikant</subfield>
    <subfield code="b">2026-01-05 08:34:43 Europe/Berlin</subfield>
  </datafield>
  <datafield tag="H52" ind1="8" ind2=" ">
    <subfield code="b">KN3</subfield>
    <subfield code="c">KN3-ZSMAKK</subfield>
    <subfield code="8">22390394160006476</subfield>
  </datafield>
  <datafield tag="HOL" ind1=" " ind2=" ">
    <subfield code="d">2026-01-05 07:35:32</subfield>
    <subfield code="8">22390394160006476</subfield>
    <subfield code="b">2026-01-05 07:35:29</subfield>
    <subfield code="M">49HBZ_UBK</subfield>
    <subfield code="g">false</subfield>
    <subfield code="a">KN3Praktikant</subfield>
    <subfield code="c">KN3Praktikant</subfield>
  </datafield>
  <datafield tag="ITM" ind1=" " ind2=" ">
    <subfield code="H">22390394160006476</subfield>
    <subfield code="x">KN3-ZSMAKK</subfield>
    <subfield code="f">ISSBD</subfield>
    <subfield code="v">KN3-ZSMAKK</subfield>
    <subfield code="p">X</subfield>
    <subfield code="X">KN3Praktikant</subfield>
    <subfield code="Y">2026-01-05 08:38:44 Europe/Berlin</subfield>
    <subfield code="n">KMB/=ZV VOGUE.41  :  2019</subfield>
    <subfield code="G">1</subfield>
    <subfield code="M">49HBZ_UBK</subfield>
    <subfield code="s">1</subfield>
    <subfield code="d">8</subfield>
    <subfield code="V">KN3Praktikant</subfield>
    <subfield code="b">KMB/17/0163850</subfield>
    <subfield code="N">MagazineBrands (Jan.)</subfield>
    <subfield code="a">23390394140006476</subfield>
    <subfield code="B">ZG2026-3</subfield>
    <subfield code="D">2026-01-05 07:38:12</subfield>
    <subfield code="W">2026-01-05 08:38:44 Europe/Berlin</subfield>
    <subfield code="u">KN3</subfield>
    <subfield code="w">KN3</subfield>
  </datafield>
</record>
